@misc{Cacti11,
  author = {{The Cacti Group}},
  title = {{Templates}},
  year = {2011},
  howpublished = {\url{http://docs.cacti.net/templates}},
  note = {[Online; accessed 16-Februar-2012]}
}

@misc{Conner11,
  author = {Jimmy Conner},
  title = {{Thold -- Threshold Alert Module}},
  year = {2011},
  howpublished = {\url{http://docs.cacti.net/plugin:thold}},
  note = {[Online; accessed 16-Februar-2012]}
}

@book{Urban11,
  author =    {Thomas Urban},
  title =     {{Cacti 0.8 Beginner's Guide}},
  year =      {2011},
  publisher = {PACKT Publishing}
}

@misc{RFC3410,
  author="J. Case and R. Mundy and D. Partain and B. Stewart",
  title="{Introduction and Applicability Statements for Internet-Standard Management Framework}",
  series="Request for Comments",
  number="3410",
  howpublished="RFC 3410 (Informational)",
  publisher="IETF",
  organization="Internet Engineering Task Force",
  year=2002,
  month=dec,
    url="http://www.ietf.org/rfc/rfc3410.txt",
}

@book{Mauro01,
  author =    {Douglas Mauro and Kevin Schmidt},
  title =     {{Essential SNMP}},
  year =      {2001},
  publisher = {O'Reilly Media}
}

@misc{Schilli04,
  author = {Michael Schilli},
  title = {{Messdaten mit RRDtool und Perl verwalten}},
  year = {2004},
  howpublished = {\url{http://www.linux-magazin.de/layout/set/print/content/view/full/4996}},
  note = {[Online; accessed 16-Februar-2012]}
}

@misc{NetSNMP11,
  author = {Net-SNMP},
  title = {{Writing a MIB Module}},
  year = {2011},
  howpublished = {\url{http://www.net-snmp.org/wiki/index.php/TUT:Writing_a_MIB_Module}},
  note = {[Online; accessed 18-MÃ¤rz-2012]}
}